@misc{boydparksubgradients,
    month = {May},
    year = {2014},
    title = {Subgradient Methods},
    author = {Boyd, Stephen and Park, Jaehyun},
    url= {https://web.stanford.edu/class/ee364b/lectures/subgrad_method_notes.pdf}
}

@misc{boydxiaosubgradients,
    month = {October},
    year = {2003},
    title = {Subgradient Methods},
    author = {Boyd, Stephen and Xiao, Lin and Mutapcic, Almir},
    url= {https://web.mit.edu/6.976/www/notes/subgrad_method.pdf}
}

@article{lassopaper,
    author = {Tibshirani, Robert},
    title = {Regression Shrinkage and Selection Via the Lasso},
    journal = {Journal of the Royal Statistical Society: Series B (Methodological)},
    volume = {58},
    number = {1},
    pages = {267-288},
    year = {2018},
    month = {12},
    issn = {0035-9246},
    doi = {10.1111/j.2517-6161.1996.tb02080.x},
    url = {https://doi.org/10.1111/j.2517-6161.1996.tb02080.x},
    eprint = {https://academic.oup.com/jrsssb/article-pdf/58/1/267/49098631/jrsssb\_58\_1\_267.pdf},
}

@article{lassooriginal,
author = {Santosa, Fadil and Symes, William W.},
title = {Linear Inversion of Band-Limited Reflection Seismograms},
journal = {{SIAM Journal on Scientific and Statistical Computing}},
volume = {7},
number = {4},
pages = {1307-1330},
year = {1986},
doi = {10.1137/0907087},
URL = {https://doi.org/10.1137/0907087},
eprint = {https://doi.org/10.1137/0907087},
}

@misc{boydvandenberghesubgradient,
    author = {Boyd, S. and Vandenberghe, L.},
    title = {Subgradients},
    month = {April},
    year = {2008},
    url ={https://see.stanford.edu/materials/lsocoee364b/01-subgradients_notes.pdf}
}

@misc{dataset,
    author = {Jarashi, Kumarra and Russel, Deeksha and Wang, Duan},
    title = {{Life Expectancy (WHO)}},
    url = {https://www.kaggle.com/datasets/kumarajarshi/life-expectancy-who}
}